<?xml version="1.0" encoding="UTF-8"?><record xmlns="http://www.loc.gov/MARC21/slim" xmlns:cinclude="http://apache.org/cocoon/include/1.0" xmlns:zs="http://www.loc.gov/zing/srw/">
  <leader>00403nz  a2200133n  4500</leader>
  <controlfield tag="001">n 2004023758</controlfield>
  <controlfield tag="003">DLC</controlfield>
  <controlfield tag="005">20040210080124.0</controlfield>
  <controlfield tag="008">040210n| acannaabn          |a aaa      </controlfield>
  <datafield tag="010" ind1=" " ind2=" ">
    <subfield code="a">n 2004023758</subfield>
  </datafield>
  <datafield tag="040" ind1=" " ind2=" ">
    <subfield code="a">DLC</subfield>
    <subfield code="b">eng</subfield>
    <subfield code="c">DLC</subfield>
  </datafield>
  <datafield tag="100" ind1="1" ind2=" ">
    <subfield code="a">Uchelen, Ton Croiset van</subfield>
  </datafield>
  <datafield tag="400" ind1="1" ind2=" ">
    <subfield code="a">Van Uchelen, Ton Croiset</subfield>
  </datafield>
  <datafield tag="670" ind1=" " ind2=" ">
    <subfield code="a">Fontaine Verwey, H. de la. Boeken, banden en bibliofielen, 199?:</subfield>
    <subfield code="b">t.p. (Ton Croiset van Uchelen)</subfield>
  </datafield>
</record>